@mastersthesis{Andrieux2016,
  author = {Andrieux, B.},
  title = {Étude de la migration potentielle des niches écologiques liées aux changements climatiques dans la région des parcs nationaux de Frontenac et du Mont-Mégantic},
  school = {Université de Sherbrooke},
  year = {2016},
  address = {Sherbrooke},
  note = {Repéré à \url{https://savoirs.usherbrooke.ca/bitstream/handle/11143/9459/Andrieux_Berengere_MSc_2016.pdf?sequence=6&isAllowed=y}}
}

@article{BernabeRuiz2024,
  author = {Bernabé-Ruiz, P. F. J. and Jiménez-Nieva, J. C. and Pérez-Quintero, J. C.},
  title = {Temporal Variation and Influence of Environmental Variables on a Lepidopteran Community in a Mediterranean Mid-Mountain Area},
  journal = {Diversity},
  year = {2024},
  volume = {16},
  pages = {408},
  doi = {10.3390/d16070408}
}

@article{Haris2024,
  author = {Haris, A. and Jozan, Z. and Roller, L. and Sima, P. and Toth, S.},
  title = {Changes in Population Densities and Species Richness of Pollinators in the Carpathian Basin during the Last 50 Years (Hymenoptera, Dipetera, Lepidoptera)},
  journal = {Diversity},
  year = {2024},
  volume = {16},
  pages = {328},
  doi = {10.3390/d16060328}
}

@article{Hussain2022,
  author = {Hussain, Z. Z. and Sarwar, Mahanood and Akbar, A. and Alhag, S. K. and Ahmed, N. and Alam, P. and Almadiy, A. A. and Zouidi, F. and Jawalkar, N. Barburao},
  title = {Spatiotemporal Distribution Patterns of Pest Species (Lepidoptera: Noctuidae) Affected by Meteorological Factors in an Agroecosystem},
  journal = {Agriculture},
  year = {2022},
  volume = {12},
  pages = {2003},
  doi = {10.3390/agriculture12122003}
}

@article{LopezVazquez2024,
  author = {López-Vázquez, K. L. and Carlos, P. and Corcuera, P. and Castillo-Guevara, C.},
  title = {Temporal Shifts in Flower-Visiting Butterfly Communities and Their Floral Resources along a Vegetation Type Altered by Anthropogenic Factors},
  journal = {Forest},
  year = {2024},
  volume = {15},
  number = {9},
  pages = {1668},
  doi = {10.3390/f15091668}
}

@article{Ruchin2023,
  author = {Ruchin, A. B.},
  title = {Spatial Distribution of Lepidoptera in Forest Ecosystems of Central European Russia: Studies Using Beer Traps},
  journal = {Forests},
  year = {2023},
  volume = {14},
  pages = {680},
  doi = {10.3390/f14040680}
}

@mastersthesis{White2005,
  author = {White, P. J.},
  title = {Spatial and Temporal Patterns and Predictors of Butterfly Species Richness in Canada Throughout the 20th Century},
  school = {Université d’Ottawa},
  year = {2005},
  address = {Ottawa},
  note = {Repéré à \url{https://ruor.uottawa.ca/server/api/core/bitstreams/7051337e-a164-4515-a10b-f10969fb6620/content}}
}
